@misc{serde,
	title="Serialization in Java - Java Serialization | Digital Ocean [Электронный ресурс]",
	howpublished="Режим доступа: \url{https://www.digitalocean.com/community/tutorials/serialization-in-java} (дата обращения: \today)"
}

@misc{database,
	title="Что такое база данных | Oracle Россия и СНГ [Электронный ресурс]",
	howpublished="Режим доступа: \url{https://www.oracle.com/ru/database/what-is-database/} (дата обращения: \today)"
}

@misc{subd,
	title="Что такое СУБД - RU-CENTER [Электронный ресурс]",
	howpublished="Режим доступа: \url{https://www.nic.ru/help/chto-takoe-subd_8580.html} (дата обращения: \today)"
}

@misc{microservice,
	title="Что такое микросервисная архитектура: простое объяснение | MCS Mail.ru [Электронный ресурс]",
	howpublished="Режим доступа: \url{https://mcs.mail.ru/blog/prostym-jazykom-o-mikroservisnoj-arhitekture} (дата обращения: \today)"
}

@misc{DTO,
	title="Pros and Cons of Data Transfer Objects | Microsoft Docs [Электронный ресурс]",
	howpublished="Режим доступа: \url{https://docs.microsoft.com/en-us/archive/msdn-magazine/2009/august/pros-and-cons-of-data-transfer-objects} (дата обращения: \today)"
}

@misc{postgresql,
	title="PostgreSQL: Документация. [Электронный ресурс]",
	howpublished="Режим доступа: \url{https://postgrespro.ru/docs/postgresql/} (дата обращения: \today)"
}

@misc{acid,
	title="Транзакции, ACID, CAP | GeekBrains [Электронный ресурс]",
	howpublished="Режим доступа: \url{https://gb.ru/posts/acid_cap_transactions} (дата обращения: \today)"
}

@misc{lisp,
	title="Common Lisp [Электронный ресурс]",
	howpublished="Режим доступа: \url{https://lisp-lang.org/} (дата обращения: \today)"
}

@misc{jvm,
	title="What is the JVM? Introducing the Java Virtual Machine | InfoWorld [Электронный ресурс]",
	howpublished="Режим доступа: \url{https://www.infoworld.com/article/3272244/what-is-the-jvm-introducing-the-java-virtual-machine.html} (дата обращения: \today)"
}

@misc{kotlin,
	title="Kotlin Programming Language [Электронный ресурс]",
	howpublished="Режим доступа: \url{https://kotlinlang.org/} (дата обращения: \today)"
}

@misc{jackson,
	title="FasterXML/jackson [Электронный ресурс]",
	howpublished="Режим доступа: \url{https://github.com/FasterXML/jackson} (дата обращения: \today)"
}

@misc{JSON,
	title="JSON | MDN [Электронный ресурс]",
	howpublished="Режим доступа: \url{https://developer.mozilla.org/en-US/docs/Learn/JavaScript/Objects/JSON} (дата обращения: \today)"
}

@misc{datomic-facts,
	title="Datomic Queries and Rules | Datomic [Электронный ресурс]",
	howpublished="Режим доступа: \url{https://docs.datomic.com/on-prem/query/query.html} (дата обращения: \today)"
}

@misc{hash-map,
	title="HashMap Under the Hood | Baeldung [Электронный ресурс]",
	howpublished="Режим доступа: \url{https://www.baeldung.com/java-hashmap-advanced} (дата обращения: \today)"
}

@misc{threading-macro,
	title="Clojure - Threading Macros [Электронный ресурс]",
	howpublished="Режим доступа: \url{https://clojure.org/guides/threading_macros} (дата обращения: \today)"
}

@misc{destructuring,
	title="Clojure - destructuring [Электронный ресурс]",
	howpublished="Режим доступа: \url{https://clojure.org/guides/destructuring} (дата обращения: \today)"
}

@misc{datomic,
	title="Overview | Datomic [Электронный ресурс]",
	howpublished="Режим доступа: \url{https://docs.datomic.com/on-prem/overview/overview.html} (дата обращения: \today)"
}

@misc {
	datalog,
	title="Datalog: Deductive Database Programming [Электронный ресурс]",
	howpublished="Режим доступа: \url{https://docs.racket-lang.org/datalog/} (дата обращения: \today)"
}

@misc{arrival,
	title="Arrival | Zero-emission Solutions [Электронный ресурс]",
	howpublished="Режим доступа: \url{https://arrival.com/world/en} (дата обращения: \today)"
}

@misc{nosql,
	title="Что такое NoSQL? | Amazon AWS [Электронный ресурс]",
	howpublished="Режим доступа: \url{https://aws.amazon.com/ru/nosql/} (дата обращения: \today)"
}

@misc{
	clojure,
	title="Clojure [Электронный ресурс]",
	howpublished="Режим доступа: \url{https://clojure.org/} (дата обращения: \today)"
}
